@misc{1,
      title={Sentimental LIAR: Extended Corpus and Deep Learning Models for Fake Claim Classification}, 
      author={Bibek Upadhayay and Vahid Behzadan},
      year={2020},
      eprint={2009.01047},
      archivePrefix={arXiv},
      primaryClass={cs.CL}


@article{2,
   title={What drives unverified information sharing and cyberchondria during the COVID-19 pandemic?},
   volume={29},
   ISSN={1476-9344},
   url={http://dx.doi.org/10.1080/0960085X.2020.1770632},
   DOI={10.1080/0960085x.2020.1770632},
   number={3},
   journal={European Journal of Information Systems},
   publisher={Informa UK Limited},
   author={Laato, Samuli and Islam, A. K. M. Najmul and Islam, Muhammad Nazrul and Whelan, Eoin},
   year={2020},
   month={May},
   pages={288–305}
}

@misc{3,
      title={A Survey on Natural Language Processing for Fake News Detection}, 
      author={Ray Oshikawa and Jing Qian and William Yang Wang},
      year={2020},
      eprint={1811.00770},
      archivePrefix={arXiv},
      primaryClass={cs.CL}
}


@misc{4,
      title={"Liar, Liar Pants on Fire": A New Benchmark Dataset for Fake News Detection}, 
      author={William Yang Wang},
      year={2017},
      eprint={1705.00648},
      archivePrefix={arXiv},
      primaryClass={cs.CL}
}

@Inbook{5,
author="K{\"o}hnken, G{\"u}nter",
editor="Lempp, Reinhart
and Sch{\"u}tze, Gerd
and K{\"o}hnken, G{\"u}nter",
title="Glaubw{\"u}rdigkeit",
bookTitle="Forensische Psychiatrie und Psychologie des Kindes- und Jugendalters",
year="1999",
publisher="Steinkopff",
address="Heidelberg",
pages="318--341",
abstract="Zeugenaussagen sind nur selten ein getreues Abbild dessen, wor{\"u}ber berichtet wird. Diskrepanzen zwischen tats{\"a}chlichen Ereignissen einerseits und deren Wahrnehmungen sowie den Berichten hier{\"u}ber andererseits k{\"o}nnen zwei m{\"o}gliche Ursachen haben:■ Zum einen ist die Wahrnehmung sowie der Bericht {\"u}ber das Wahrge-nommene das Ergebnis kognitiver Verarbeitungsprozesse. In jeder Phase der Informationsverarbeitung k{\"o}nnen, wie zahlreiche Untersuchungen gezeigt haben, Fehler auftreten. Details werden m{\"o}glicherweise nicht wahrgenommen, sie werden falsch enkodiert oder nicht im Ged{\"a}chtnis gespeichert. Weiterhin k{\"o}nnen nachtr{\"a}gliche Informationen den Ged{\"a}chtnisinhalt ver{\"a}ndern oder bestimmte Frageformulierungen unzutreffende Antworten provozieren (siehe Kap. 8.4). Wesentlich ist hierbei, da{\ss} es sich um unbeabsichtigte Irrt{\"u}mer handelt. Aussagefehler, die durch unbeabsichtigte Irrt{\"u}mer verursacht sind, betreffen die Genauigkeit einer Zeugenaussage (in Anlehnung an den in der englischsprachigen Literatur gebr{\"a}uchlichen Begriff „accuracy``).■ Daneben kann eine Aussage aber auch absichtlich vom Zeugen verf{\"a}lscht worden sein, d.h. eine andere Sachverhaltsdarstellung geben, als sie vom Zeugen subjektiv f{\"u}r zutreffend gehalten wird. In diesem Fall ist die Glaubw{\"u}rdigkeit der Aussage betroffen.",
isbn="978-3-662-21913-3",
doi="10.1007/978-3-662-21913-3_29",
url="https://doi.org/10.1007/978-3-662-21913-3_29"
}

@misc{6,
      title={Convolutional Neural Networks for Sentence Classification}, 
      author={Yoon Kim},
      year={2014},
      eprint={1408.5882},
      archivePrefix={arXiv},
      primaryClass={cs.CL}
}

@inproceedings{7,
    title = "Fake News Detection Through Multi-Perspective Speaker Profiles",
    author = "Long, Yunfei  and
      Lu, Qin  and
      Xiang, Rong  and
      Li, Minglei  and
      Huang, Chu-Ren",
    booktitle = "Proceedings of the Eighth International Joint Conference on Natural Language Processing (Volume 2: Short Papers)",
    month = nov,
    year = "2017",
    address = "Taipei, Taiwan",
    publisher = "Asian Federation of Natural Language Processing",
    url = "https://www.aclweb.org/anthology/I17-2043",
    pages = "252--256",
    abstract = "Automatic fake news detection is an important, yet very challenging topic. Traditional methods using lexical features have only very limited success. This paper proposes a novel method to incorporate speaker profiles into an attention based LSTM model for fake news detection. Speaker profiles contribute to the model in two ways. One is to include them in the attention model. The other includes them as additional input data. By adding speaker profiles such as party affiliation, speaker title, location and credit history, our model outperforms the state-of-the-art method by 14.5{\%} in accuracy using a benchmark fake news detection dataset. This proves that speaker profiles provide valuable information to validate the credibility of news articles.",
}